@inproceedings{monadWS@AST-11,
 author = {Zhang, Yingzhou and Fu, Wei and Nie, Changhai},
 title = {monadWS: a monad-based testing tool for web services},
 booktitle = {Proceedings of the 6th International Workshop on Automation of Software Test},
 series = {AST '11},
 year = {2011},
 isbn = {978-1-4503-0592-1},
 location = {Waikiki, Honolulu, HI, USA},
 pages = {111--112},
 numpages = {2},
 url = {http://doi.acm.org/10.1145/1982595.1982622},
 doi = {10.1145/1982595.1982622},
 acmid = {1982622},
 publisher = {ACM},
 address = {New York, NY, USA},
 keywords = {automated testing, monads, testing tool, web service},
}

@inproceedings{bartolini@ICSOC-08,
 author = {Bartolini, Cesare and Bertolino, Antonia and Marchetti, Eda and Polini, Andrea},
 title = {Towards Automated WSDL-Based Testing of Web Services},
 booktitle = {Proceedings of the 6th International Conference on Service-Oriented Computing},
 series = {ICSOC '08},
 year = {2008},
 isbn = {978-3-540-89647-0},
 location = {Sydney, Australia},
 pages = {524--529},
 numpages = {6},
 url = {http://dx.doi.org/10.1007/978-3-540-89652-4\_41},
 doi = {10.1007/978-3-540-89652-4\_41},
 acmid = {1484757},
 publisher = {Springer-Verlag},
 address = {Berlin, Heidelberg},
} 

@article{taxi@IC-08,
author = {Cesare Bartolini and Antonia Bertolino and Eda Marchetti and Andrea Polini},
title = {WS-TAXI: A WSDL-based Testing Tool for Web Services},
journal ={Software Testing, Verification, and Validation, 2008 International Conference on},
volume = {0},
isbn = {978-0-7695-3601-9},
year = {2009},
pages = {326-335},
doi = {http://doi.ieeecomputersociety.org/10.1109/ICST.2009.28},
publisher = {IEEE Computer Society},
address = {Los Alamitos, CA, USA},
}

@INPROCEEDINGS{wsdltest@IEEE06,
author={Sneed, H.M. and Shihong Huang},
booktitle={Web Site Evolution, 2006. WSE '06. Eighth IEEE International Symposium on},
title={WSDLTest - A Tool for Testing Web Services},
year={2006},
month={sept.},
volume={},
number={},
pages={14 -21},
keywords={WSDL interfaces;WSDLTest;Web services testing;XML schema;test automation;test data generation;test result validation;tree walking;Web services;program testing;},
doi={10.1109/WSE.2006.24},
ISSN={1550-4441},}

@INPROCEEDINGS{zhang@IC-08,
author={Chunyan Ma and Chenglie Du and Tao Zhang and Fei Hu and Xiaobin Cai},
booktitle={Computer Science and Software Engineering, 2008 International Conference on},
title={WSDL-Based Automated Test Data Generation for Web Service},
year={2008},
month={dec.},
volume={2},
number={},
pages={731 -737},
keywords={WSDL-based automated test data generation;Web service;Web services description language;XML;black-box testing;formal specification;software quality control;software quality validation;Web services;formal specification;program testing;program verification;software quality;},
doi={10.1109/CSSE.2008.790},
ISSN={},}

@inproceedings{partition@AST-07,
 author = {Bertolino, Antonia and Gao, Jinghua and Marchetti, Eda and Polini, Andrea},
 title = {Automatic Test Data Generation for XML Schema-based Partition Testing},
 booktitle = {Proceedings of the Second International Workshop on Automation of Software Test},
 series = {AST '07},
 year = {2007},
 isbn = {0-7695-2971-2},
 pages = {4--},
 url = {http://dx.doi.org/10.1109/AST.2007.6},
 doi = {10.1109/AST.2007.6},
 acmid = {1270257},
 publisher = {IEEE Computer Society},
 address = {Washington, DC, USA},
} 

@incollection{SOATesting@springerlink-09,
   author = {Canfora, Gerardo and Di Penta, Massimiliano},
   affiliation = {University of Sannio RCOST - Research Centre on Software Technology Palazzo ex Poste, Via Traiano 82100 Benevento Italy},
   title = {Service-Oriented Architectures Testing: A Survey},
   booktitle = {Software Engineering},
   series = {Lecture Notes in Computer Science},
   editor = {De Lucia, Andrea and Ferrucci, Filomena},
   publisher = {Springer Berlin / Heidelberg},
   isbn = {978-3-540-95887-1},
   keyword = {Computer Science},
   pages = {78-105},
   volume = {5413},
   url = {http://dx.doi.org/10.1007/978-3-540-95888-8\_4},
   note = {10.1007/978-3-540-95888-8\_4},
   year = {2009}
}
